@inproceedings{alecci2021development,
  title={EXAMPLE},
  author={Alecci, Marco and Baldo, Tommaso and Martinelli, Luca and Ziroldo, Elia},
  booktitle={CLEF (Working Notes)},
  pages={2302--2318},
  year={2021}
}
@inproceedings{IRENA,
  title={Global bioenergy supply and demand projections â€“ a working paper for REmap 2030.},
  author={IRENIA},
  pages={5},
  year={2014}
}
@inproceedings{Torrification,
  title={Torrefied biomass: The perfect $CO_2$ neutral coal substitute is maturing},
  author={Wild, Michael},
  pages={72},
  year={2015}
}
@inproceedings{EIA2022,
  title={Biomass and the environment},
  author={U.S. Energy Information Administration},
  year={2022}
}
@inproceedings{EIA2021,
  title={Biomass explained},
  author={U.S. Energy Information Administration},
  year={2021}
}
@inproceedings{NOAA-current,
  title={What is a current?},
  author={National Oceanic and Atmospheric Administration},
  year={2021}
}
@misc{EIA-Statistics-World,
  author = {EIA},
  title = {International energy statistics},
  year = {2021},
  url = {https://www.eia.gov/international/data/world}
}
@inproceedings{Composizione-antracite,
  title={Chemical Engineers' Handbook},
  author={Reid, William},
  year={1973},
  chapter = {9}
}
@inproceedings{composizione-petrolio,
  title={Petroleum Supply Annual},
  author={U.S. Energy Information Administration},
  year={2022}
}